@ARTICLE{ref1,
   title = {Edge computing in IoT context: horizontal and
vertical Linux container migration},
   year = {2017},
   journal = {Global Internet of Things Summit (GIoTS)},
   author = {C. Dupont, R. Giaffreda, L. Capra}
}
